

@InProceedings{paval2015confounds,
  author = 	 {U. Pavalanathan and J. Eisenstein},
  title = 	 {Confounds and consequences in geotagged {T}witter data},
  booktitle = {EMNLP},
  year = 	 2015}

@inproceedings{ratkiewicz2011truthy,
  title={Truthy: mapping the spread of astroturf in microblog streams},
  author={Ratkiewicz, Jacob and Conover, Michael and Meiss, Mark and Gon{\c{c}}alves, Bruno and Patil, Snehal and Flammini, Alessandro and Menczer, Filippo},
  booktitle={Proceedings of the 20th international conference companion on World wide web},
  pages={249--252},
  year={2011},
  organization={ACM}
}

@article{king2013awareness,
  title={Awareness and ever-use of electronic cigarettes among US adults, 2010--2011},
  author={King, Brian A and Alam, Suhana and Promoff, Gabbi and Arrazola, Rene and Dube, Shanta R},
  journal={Nicotine \& Tobacco Research},
  volume={15},
  number={9},
  pages={1623--1627},
  year={2013},
  publisher={Oxford University Press}
}

@article{centers2013notes,
  title={Notes from the field: electronic cigarette use among middle and high school students-United States, 2011-2012.},
  author={Centers for Disease Control and Prevention (CDC and others},
  journal={MMWR. Morbidity and mortality weekly report},
  volume={62},
  number={35},
  pages={729},
  year={2013}
}

@misc{ecig2015triples,
  author={Kimberly Leonard},
  title={E-Cigarette Use Triples Among Teens:
The CDC chief blames aggressive marketing for the devices' growing use among young people},
  howpublished={http://www.usnews.com/news/articles/2015/04/16/e-cigarette-use-triples-among-teens},
  year={2015},
  note={Accessed 2015-06-01}
}

@inproceedings{choudhury2013predicting,
  title={Predicting Depression via Social Media},
  author={De Choudhury, Munmun and Gamon, Michael and Counts, Scott and Horvitz, Eric},
  year=2013,
  booktitle={ICWSM}
}
@article{dredze2012how,
        title = {How Social Media Will Change Public Health},
        volume = 27,
        issn = {1541-1672},
        doi = {10.1109/MIS.2012.76},
        abstract = {Recent work in machine learning and natural language processing has studied the health content of tweets and demonstrated the potential for extracting useful public health information from their aggregation. This article examines the types of health topics discussed on Twitter, and how tweets can both augment existing public health capabilities and enable new ones. The author also discusses key challenges that researchers must address to deliver high-quality tools to the public health community.},
        number = 4,
        journal = {{IEEE} Intelligent Systems},
        author = {Dredze, M.},
        year = 2012,
        pages = {81--84},
        file = {IEEE Xplore Abstract Record:/Users/awculott/Library/Application Support/Firefox/Profiles/0zv8dy28.default/zotero/storage/CZWKWASP/articleDetails.html:text/html}
},

@inproceedings{powell2012i,
        address = {New York, {NY}, {USA}},
        series = {{CHI} '12},
        title = {{"I} can't get no sleep": {D}iscussing \#insomnia on {T}witter},
        isbn = {978-1-4503-1015-4},
        shorttitle = {{"I} can't get no sleep"},
        url = {http://doi.acm.org/10.1145/2207676.2208612},
        doi = {10.1145/2207676.2208612},
        urldate = {2013-09-18},
        booktitle = {Proceedings of the {SIGCHI} Conference on Human Factors in Computing Systems},
        publisher = {{ACM}},
        author = {Jamison-Powell, Sue and Linehan, Conor and Daley, Laura and Garbett, Andrew and Lawson, Shaun},
        year = 2012,
        keywords = {health, insomnia, mental health, microblogging, self-disclosure, twitter},
        pages = {1501–1510},
}


@article{grana2014cigarettes,
  title={E-cigarettes a scientific review},
  author={Grana, Rachel and Benowitz, Neal and Glantz, Stanton A},
  journal={Circulation},
  volume={129},
  number={19},
  pages={1972--1986},
  year={2014},
  publisher={Am Heart Assoc}
}

@article{sussan2015exposure,
  title={Exposure to Electronic Cigarettes Impairs Pulmonary Anti-Bacterial and Anti-Viral Defenses in a Mouse Model},
  author={Sussan, Thomas E and Gajghate, Sachin and Thimmulappa, Rajesh K and Ma, Jinfang and Kim, Jung-Hyun and Sudini, Kuladeep and Consolini, Nicola and Cormier, Stephania A and Lomnicki, Slawo and Hasan, Farhana and others},
  journal={PloS one},
  volume={10},
  number={2},
  pages={e0116861},
  year={2015},
  publisher={10.1371/journal. pone. 0116861}
}

@article{bhatnagar2014electronic,
  title={Electronic Cigarettes A Policy Statement From the American Heart Association},
  author={Bhatnagar, Aruni and Whitsel, Laurie P and Ribisl, Kurt M and Bullen, Chris and Chaloupka, Frank and Piano, Mariann R and Robertson, Rose Marie and McAuley, Timothy and Goff, David and Benowitz, Neal},
  journal={Circulation},
  volume={130},
  number={16},
  pages={1418--1436},
  year={2014},
  publisher={Am Heart Assoc}
}

@article{pauly2007tobacco,
  title={Tobacco-free electronic cigarettes and cigars deliver nicotine and generate concern},
  author={Pauly, John and Li, Qiang and Barry, Matthew B},
  journal={Tobacco Control},
  volume={16},
  number={5},
  pages={357--357},
  year={2007},
  publisher={BMJ Publishing Group Ltd}
}

@article{myslin2013using,
  title={Using Twitter to examine smoking behavior and perceptions of emerging tobacco products},
  author={Mysl{\'\i}n, Mark and Zhu, Shu-Hong and Chapman, Wendy and Conway, Mike},
  journal={Journal of medical Internet research},
  volume={15},
  number={8},
  year={2013},
  publisher={JMIR Publications Inc.}
}

@article{huang2014cross,
  title={A cross-sectional examination of marketing of electronic cigarettes on Twitter},
  author={Huang, Jidong and Kornfield, Rachel and Szczypka, Glen and Emery, Sherry L},
  journal={Tobacco control},
  volume={23},
  number={suppl 3},
  pages={26--30},
  year={2014},
  publisher={BMJ Publishing Group Ltd}
}

@article{pepper2015risky,
  title={How risky is it to use e-cigarettes? Smokers’ beliefs about their health risks from using novel and traditional tobacco products},
  author={Pepper, Jessica K and Emery, Sherry L and Ribisl, Kurt M and Rini, Christine M and Brewer, Noel T},
  journal={Journal of behavioral medicine},
  volume={38},
  number={2},
  pages={318--326},
  year={2015},
  publisher={Springer}
}

@article{prochaska2012twitter,
  title={Twitter= quitter? An analysis of Twitter quit smoking social networks},
  author={Prochaska, Judith J and Pechmann, Cornelia and Kim, Romina and Leonhardt, James M},
  journal={Tobacco control},
  volume={21},
  number={4},
  pages={447--449},
  year={2012},
  publisher={BMJ Publishing Group Ltd}
}

@inproceedings{godea2015analysis,
  author    = {Andreea Kamiana Godea and
               Cornelia Caragea and
               Florin Adrian Bulgarov and
               Suhasini Ramisetty{-}Mikler},
  title     = {An Analysis of Twitter Data on E-cigarette Sentiments and Promotion},
  booktitle = {Artificial Intelligence in Medicine - 15th Conference on Artificial
               Intelligence in Medicine, {AIME} 2015, Pavia, Italy, June 17-20, 2015.
               Proceedings},
  pages     = {205--215},
  year      = {2015},
}

@inproceedings{murnane2014unraveling,
 author = {Murnane, Elizabeth L. and Counts, Scott},
 title = {Unraveling Abstinence and Relapse: Smoking Cessation Reflected in Social Media},
 booktitle = {Proceedings of the 32nd Annual ACM Conference on Human Factors in Computing Systems},
 series = {CHI '14},
 year = {2014},
 location = {Toronto, Ontario, Canada},
 pages = {1345--1354},
 numpages = {10},
 acmid = {2557145},
 publisher = {ACM},
 address = {New York, NY, USA},
 keywords = {behavior, cessation, health, smoking, social media, twitter},
} 

@InProceedings{culotta2015predicting,
  author =       {Aron Culotta and Nirmal Ravi Kumar and Jennifer Cutler},
  title =        {Predicting the Demographics of Twitter Users from Website Traffic Data},
  booktitle = {Twenty-ninth National Conference on Artificial Intelligence (AAAI)},
  year =         2015
}


@article{pearson2012cigarette,
  title={E-cigarette awareness, use, and harm perceptions in US adults},
  author={Pearson, Jennifer L and Richardson, Amanda and Niaura, Raymond S and Vallone, Donna M and Abrams, David B},
  journal={American journal of public health},
  volume={102},
  number={9},
  pages={1758--1766},
  year={2012},
  publisher={American Public Health Association}
}

@article{regan2013electronic,
  title={Electronic nicotine delivery systems: adult use and awareness of the 'e-cigarette' in the USA},
  author={Regan, Annette K and Promoff, Gabbi and Dube, Shanta R and Arrazola, Rene},
  journal={Tobacco control},
  volume={22},
  number={1},
  pages={19--23},
  year={2013},
  publisher={BMJ Publishing Group Ltd}
}


@article{chapman2014cigarette,
  title={E-cigarette prevalence and correlates of use among adolescents versus adults: a review and comparison},
  author={Chapman, Shawna L Carroll and Wu, Li-Tzy},
  journal={Journal of psychiatric research},
  volume={54},
  pages={43--54},
  year={2014},
  publisher={Elsevier}
}

@misc{silver2014how,
  author={Nate Silver and Allison McCann},
  title={How to tell someone's age when all you know is her name},
  howpublished={http://fivethirtyeight.com/features/how-to-tell-someones-age-when-all-you-know-is-her-name/},
  year={2014},
  note={Accessed 2015-06-01}
}